1688 2809
95 889 285 966 Platonis
314 918 598 976 philosophiae
618 923 777 961 decreta
805 924 861 961 ita
889 905 1030 962 litteris
1057 929 1150 961 sunt
1169 923 1366 969 mandata,
1396 929 1442 960 ut
1469 923 1603 961 nullus

95 984 180 1022 fere
220 981 419 1032 dialogus,
460 984 628 1031 expepto
661 979 836 1032 fortasse
867 979 1050 1027 Timaeo,
1097 979 1226 1018 omnia
1267 990 1351 1018 uno
1375 981 1604 1033 'systemate

95 1045 206 1080 eerto
237 1038 372 1077 ordine
403 1036 728 1089 comprehendat,
769 1049 869 1089 quo
885 1037 994 1075 aliud
1023 1037 1129 1075 aliud
1163 1038 1334 1088 excipiat
1363 1050 1414 1075 ex
1443 1038 1602 1088 alioque

96 1090 287 1149 pendeat3
319 1093 407 1132 sed
420 1105 557 1131 omnes
577 1092 760 1131 Platonis
785 1093 1020 1131 sententiae
1033 1094 1090 1131 ita
1120 1098 1212 1131 sunt
1240 1094 1282 1131 in
1312 1092 1489 1147 singulos
1520 1092 1603 1147 dia-

97 1151 210 1205 log'os
249 1150 472 1204 dispersae,
516 1155 563 1188 ut
608 1163 688 1203 quo
723 1149 840 1189 modo
878 1152 965 1202 ejus
1001 1156 1177 1201 systema
1210 1150 1441 1210 paullatim
1452 1141 1605 1188 oriatur

97 1204 324 1255 videamus,
354 1208 429 1245 ita
439 1212 508 1245 ut
514 1220 797 1259 unusquisque
820 1207 1001 1259 dialogus
1029 1205 1211 1273 gradum
1224 1207 1362 1245 totius
1375 1207 1603 1257 systematis

97 1266 257 1305 efficiat
329 1262 380 1302 In
422 1263 496 1302 tali
535 1261 738 1302 doctrinae
775 1263 1013 1302 formandae
1051 1263 1349 1320 memoriaeque
1382 1263 1603 1302 tradendae

92 1318 265 1363 'ratione
277 1320 363 1359 fieri
391 1331 489 1358 non
501 1321 641 1372 potuit,
674 1321 788 1372 quin,
824 1334 930 1373 quae
958 1320 1000 1359 in
1030 1321 1269 1373 Posterior-e
1280 1321 1413 1372 aliquo
1444 1320 1602 1370 dialogo

97 1370 355 1430 philosophus
386 1376 629 1423 decerneret,
659 1389 709 1415 ea
730 1377 795 1423 iis,
827 1390 928 1428 quae
957 1383 1077 1416 antea
1096 1377 1298 1423 docuerat,
1329 1389 1410 1417 non
1438 1388 1602 1428 prorsus

97 1433 406 1485 responderent,
450 1424 648 1473 interdum
685 1434 802 1473 etiam
841 1434 997 1472 omnino
1036 1439 1319 1488 repugnarent.
1384 1434 1521 1486 Atque
1559 1445 1604 1471 re

46 1520 51 1525 .
98 1500 196 1530 νει-α’
229 1503 312 1529 rem
348 1491 407 1528 ita
444 1503 487 1528 se
526 1489 674 1529 habere
712 1491 816 1529 infra
881 1490 1118 1529 robabimus.
1194 1489 1331 1538 Quare
1367 1495 1452 1528 toto
1488 1489 1602 1528 coelo

97 1550 122 1586 a
159 1558 275 1585 vero
293 1546 499 1585 aberrasse
537 1548 590 1586 H.
627 1547 805 1588 Ritterus
830 1504 1076 1590 grimaudus
1117 1553 1197 1593 est,
1246 1559 1367 1598 quum
1411 1547 1603 1585 scriberet

95 1603 200 1642 haec
223 1597 646 1656 (hist.philosph.11.
678 1616 717 1656 p.
753 1603 863 1654 179.)
901 1603 991 1654 „bvi
1023 1603 1142 1645 einem
1174 1601 1331 1645 antonne
1362 1601 1432 1644 mie
1463 1601 1600 1654 Έίιιιο,

95 1658 268 1709 walchem
313 1664 390 1701 nuo
438 1659 560 1701 ciuem
606 1659 882 1711 Ἧὲίιῐεῐριιιιῒιε
927 1669 993 1702 oet
1038 1658 1403 1711 ιυίῆειιῐῶαῖιῑίώειι
1449 1659 1602 1708 wistan

97 1715 196 1767 §eine
226 1714 340 1764 ssebre
378 1715 445 1766 fid>
484 1715 680 1766 entfoltete
719 1728 796 1759 unt>
828 1717 934 1759 mres
975 1717 1114 1759 inieber
1154 1719 1243 1763 uad>
1275 1715 1411 1765 bieiem
1442 1714 1604 1758 memet

95 1772 229 1856 punite
260 1772 405 1828 strebte,
437 1772 518 1826 sim>
550 1772 649 1817 trine
679 1772 934 1822 mefeuflimen
956 1773 1251 1826 ἓῦἰυειῖιιιίίᾠε
1287 1785 1328 1826 gu
1359 1772 1540 1823 ffircbten.
1544 1772 1573 1791 ”

197 1831 351 1891 Itaque
387 1830 430 1869 in
457 1831 692 1871 illustranda
722 1831 923 1871 Platonis
937 1833 1184 1886 philosophia
1213 1832 1381 1870 maximi
1419 1836 1482 1869 est
1518 1843 1602 1869 mo-

96 1861 234 1926 menti
250 1882 365 1933 ordo,
404 1901 483 1939 quo
515 1889 671 1940 singula
695 1887 848 1955 scripta
868 1891 1095 1941 composita
1125 1890 1221 1935 sint,
1255 1891 1402 1940 quippe
1433 1900 1483 1926 ex
1517 1900 1598 1940 quo

96 1956 176 1983 uno
206 1948 313 1983 reete
342 1944 522 1998 intellegi
551 1947 695 1998 possit,
732 1947 801 1999 qui
830 1938 949 1986 Plato
976 1947 1179 1999 paullatim
1209 1945 1260 1983 ad
1290 1959 1484 1984 summum
1515 1944 1600 2011 phi-

88 2001 301 2051 -losophiae
332 2014 427 2039 suae
457 2002 659 2053 fastigium
687 2005 927 2054 pervenerit,
960 2005 1183 2056 quibusque
1214 2004 1458 2053 argumentis
1488 2004 1602 2040 nisus

95 2070 381 2109 nonnunquam
416 2057 495 2096 iam
529 2059 740 2116 formatam
779 2060 1062 2113 defensamque
1100 2060 1338 2098 sententiam
1382 2059 1466 2097 sive
1504 2072 1601 2097 non-

96 2113 195 2152 nihil
223 2115 504 2164 temperaverit
533 2118 617 2154 sive
647 2113 805 2155 omnino
826 2118 1041 2155 sustulerit.
1102 2118 1151 2154 In
1180 2118 1410 2155 universum
1441 2116 1603 2166 quidem

96 2175 219 2222 quum
246 2168 344 2207 haec
374 2169 423 2208 de
454 2169 689 2224 scriptorum
711 2173 1004 2213 Platonicorum
1041 2172 1182 2211 ordine
1210 2173 1393 2225 quaestio
1425 2171 1603 2210 nondum
1663 2184 1672 2191 ·

97 2228 148 2266 sit
184 2225 355 2265 adducta
391 2227 442 2266 ad
480 2228 616 2276 finem,
663 2232 729 2283 qui
769 2231 948 2269 Platonis
993 2230 1282 2282 philosophiam
1318 2229 1603 2282 exponendam

97 2284 172 2323 sibi
200 2284 328 2331 sumit,
365 2285 402 2322 ei
432 2298 483 2323 ex
513 2286 631 2325 rebus
660 2289 699 2326 in
731 2288 896 2339 dialogis
927 2289 1105 2326 tractatis
1137 2300 1273 2326 eorum
1304 2287 1400 2326 ordo
1431 2292 1494 2325 est
1523 2286 1604 2325 col-

95 2340 399 2392 ligendus.1n
435 2350 574 2382 nostra
611 2351 743 2383 autem
782 2347 1026 2412 quaestione
1053 2344 1102 2383 de
1131 2345 1363 2383 immortalis
1394 2345 1510 2383 animi
1543 2357 1604 2383 se-

96 2397 268 2436 eundum
288 2397 496 2438 Platonem
528 2402 804 2453 tripartitione.
837 2405 904 2455 qui
935 2403 1104 2441 maxime
1135 2408 1228 2440 sunt
1259 2401 1491 2440 consulendi
1523 2400 1605 2439 dia-

54 2457 56 2460 ⁴
96 2455 194 2506 logi,
235 2454 321 2507 dico
358 2452 584 2504 Phaedrus,
623 2459 711 2498 libri
751 2459 800 2498 de
840 2460 1056 2512 republica,
1102 2447 1311 2505 Timaeus,
1351 2460 1375 2496 ii
1417 2459 1603 2497 unanimo

96 2512 181 2550 fere
200 2507 397 2551 eonsensu
417 2512 628 2553 doctorum
644 2516 857 2559 hominum
888 2529 968 2568 quo
998 2515 1135 2554 ordine
1166 2529 1234 2553 eos
1258 2516 1466 2561 nominavi,
1480 2528 1605 2553 ·eom-

96 2568 214 2619 positi
244 2574 347 2607 sunt.
406 2569 539 2608 Etiam
569 2571 732 2611 Phaedo
770 2573 951 2624 dialogus
987 2576 1139 2613 eertum
1177 2571 1307 2611 locum
1346 2574 1447 2610 inter
1476 2571 1604 2609 Phae-

1313 2638 1329 2671 l
