1688 2809
659 110 946 150 *nm

48 223 184 264 omnia
210 222 290 263 ana
311 223 433 275 ejus
425 222 598 276 placita,
628 222 711 261 vel
704 221 935 264 animorum
955 221 1244 268 immortalitas
1247 221 1442 276 pendent*
1497 221 1566 262 Ad

48 281 159 335 quod
190 280 359 333 quidem
380 280 618 333 principium
648 277 905 325 statuendum
933 279 1052 320 Plato
1081 293 1168 319 non
1191 278 1340 334 leiiga
1346 291 1403 319 «ae
1425 266 1565 318 subtili

43 337 351 383 ratiocinatione
381 336 577 376 adductus
608 340 709 382 esse,
739 348 874 388 neque
901 337 1025 377 certis
1054 350 1102 376 ae
1128 330 1303 376 directis·
1318 329 1565 388 ,argumentis

45 408 204 434 omnem
235 394 491 435 existentiam
516 394 563 434 in
588 393 688 432 ideis
709 393 940 441 consistere,
968 393 1211 433 conclusisse
1231 391 1418 432 videtum·
1456 390 1563 435 Nu&

48 464 170 504 quam
203 451 307 498 enim
337 450 454 489 nobis
485 449 672 489 distincte
701 455 743 488 ct
773 449 944 489 dilucide
970 451 1162 503 exposuit
1192 455 1237 489 et
1265 449 1564 495 demonstravit,

45 521 131 546 cur
160 506 271 545 ideas
302 520 345 545 re
377 520 475 545 vera
505 513 652 545 essent.
714 506 900 558 Cognitio
925 508 1042 554 enim,
1075 521 1154 560 qua
1174 506 1289 545 Plato
1311 504 1566 544 existentiam

43 564 226 603 idearum
256 564 486 616 percepisse
507 563 699 616 putabat,
730 569 775 602 ut
805 565 980 603 omnium
1007 565 1133 616 prima
1162 571 1202 603 et
1223 563 1450 608 certissima,
1480 575 1563 601 non
1626 560 1627 563 ’

44 621 121 659 fuit
152 620 377 667 conclusio,
417 619 488 658 sed
516 620 757 672 propositio:
802 621 978 678 cognitio
1016 634 1090 679 per
1127 634 1170 660 se
1209 620 1332 667 clara,
1371 607 1564 671 nulloque

46 682 288 728 argumento
321 689 458 728 egens.
518 676 640 715 Ideae
661 669 821 715 Platoni
854 682 926 715 sno
956 677 1068 729 ipsae
1097 677 1243 716 lumine
1263 689 1306 716 se
1325 675 1562 728 probabant.
1627 676 1629 678 ’

44 734 193 799 Neque
223 733 357 783 igitur,
389 746 477 771 cum
508 734 676 785 primum
706 734 748 771 in
774 732 961 772 Phaedro
990 735 1152 772 iuvenili
1183 733 1324 772 ardore
1343 739 1476 790 atque
1505 731 1561 769 di·

46 790 141 828 vino
181 790 296 842 quasi
335 789 524 829 instincto
562 797 702 842 captus
738 789 914 828 idearum
947 791 1198 830 existentiam
1228 782 1486 829 certissimum
1514 801 1562 826 ac

49 847 312 885 clarissimum
342 845 580 899 principium
609 846 796 899 ponebat,
829 847 902 885 sibi
932 848 1008 899 ipsi
1039 850 1221 886 conscius
1251 847 1372 885 fuisse
1391 845 1560 899 videtur,

47 902 193 956 quibus
217 901 352 942 rebus
390 903 586 942 adductus
623 903 699 943 hoc
736 904 900 946 faceret.
960 904 1009 943 In
1038 904 1255 943 Phaedone
1284 904 1459 951 demum,
1494 914 1557 941 se-

47 960 143 999 dato
173 960 252 998 iam
289 966 333 1000 et
361 961 579 1014 tranquillo
610 962 759 1009 animo,
796 962 923 1009 viam,
963 975 1044 1014 qua
1081 962 1131 1001 ad
1159 962 1269 1001 illum
1297 961 1474 1000 idearum
1499 960 1555 998 in·

46 1018 190 1056 tuitum
227 1019 495 1069 pervenisset,
542 1019 615 1057 sibi
658 1018 735 1070 ipsi
779 1024 903 1071 atque
946 1019 1085 1057 lector-i
1127 1018 1351 1071 explicavit.
1425 1015 1559 1068 Quum

41 1074 150 1113 *enim
188 1087 213 1112 a
251 1072 419 1113 Socrate
456 1076 647 1126 magist-ro
693 1088 833 1114 omnes
878 1088 942 1114 res
991 1075 1173 1122 definire,
1219 1081 1339 1127 atque
1375 1075 1415 1113 in
1452 1075 1559 1113 o'mni

43 1130 276 1169 definitione
306 1143 372 1169 res
403 1131 580 1182 singulas
611 1131 659 1171 ad
692 1145 821 1183 genus
860 1134 946 1170 sive
985 1131 1037 1170 ad
1065 1133 1267 1170 notionem
1294 1129 1560 1170 universalem

45 1188 220 1234 referre,
265 1187 409 1240 hisque
455 1188 682 1227 notionibus
728 1189 843 1241 quasi
887 1189 1124 1227 existentiae
1161 1189 1315 1239 signum
1350 1182 1560 1239 inprimere

48 1244 271 1282 didicisset:
319 1243 392 1293 sibi
430 1244 504 1296 ipsi
540 1244 829 1296 persuadebat,
864 1246 1050 1283 notiones
1086 1245 1173 1283 illas
1209 1244 1471 1293 universales,
1509 1243 1561 1281 ad

49 1313 150 1353 quas
179 1300 221 1337 in
252 1299 480 1339 definitione
511 1302 638 1339 omnis
668 1302 882 1340 existentia
900 1302 1106 1347 referetur,
1137 1314 1180 1339 re
1199 1313 1296 1339 vera
1321 1303 1441 1340 esse.'
1482 1299 1560 1353 Ita-

51 1369 130 1409 que
168 1356 286 1409 plane
323 1356 465 1397 eodem
503 1358 645 1406 modo,
687 1371 768 1411 quo
804 1358 1008 1398 Cartesius
1044 1358 1216 1396 animum
1252 1358 1292 1396 in
1326 1358 1417 1409 ipso
1454 1357 1560 1408 cogi-

51 1414 176 1453 tando
217 1414 472 1453 existentiam
510 1428 620 1454 suam
659 1417 805 1454 sentire
843 1421 965 1467 atque
1002 1415 1206 1466 percipere
1242 1413 1395 1461 docuit,
1429 1413 1560 1461 Plato,

52 1471 146 1509 dum
177 1483 261 1509 rem
292 1472 534 1522 singularem
565 1472 720 1519 definit,
759 1473 823 1510 in
818 1473 916 1524 ipso
947 1471 1172 1510 definiendo
1201 1444 1464 1510 universalem
1491 1474 1560 1508 ιιο-

52 1528 215 1573 tionem,
247 1527 298 1566 ad
329 1541 449 1580 quam
480 1542 563 1567 rem
594 1503 788 1580 singulam
819 1529 1028 1577 referebat,
1065 1541 1108 1567 re
1138 1541 1234 1566 vera
1248 1535 1361 1574 'esse,
1392 1527 1561 1566 sensisse

0 1580 3 1591 '
50 1590 174 1636 atque
206 1585 321 1635 quasi
350 1585 495 1623 mentis
527 1586 652 1624 oculis
681 1581 908 1638 percepisse
936 1585 1106 1625 videtur.
1165 1583 1298 1632 Quum
1329 1584 1377 1622 de
1407 1584 1564 1634 singula

47 1652 91 1679 re
121 1640 272 1692 aliquid
300 1641 575 1692 praedicaret,
616 1642 740 1681 veluti
770 1654 857 1680 eam
888 1654 998 1680 esse
1035 1640 1308 1693 pulchram,
1349 1651 1458 1678 esse
1488 1641 1562 1678 iu-

47 1703 190 1742 stam,
222 1709 332 1735 esse
364 1698 544 1737 bonam
575 1707 662 1745 cet„
694 1706 776 1736 tum
796 1699 836 1736 in
857 1699 945 1750 ipsa
965 1698 1192 1736 definitione
1214 1696 1444 1735 notionibus
1472 1697 1558 1748 pul-

47 1754 141 1799 chri,
172 1753 278 1800 iusti,
309 1753 403 1792 boni
424 1761 501 1794 cet.
534 1752 789 1794 existentiam
809 1755 926 1793 tribui
947 1754 1126 1807 putabat.
1186 1753 1436 1793 Universalia
1455 1753 1559 1791 enim
1603 1805 1606 1808 Α

47 1811 293 1861 cogitatione
331 1812 619 1864 percipiuntur.
691 1810 806 1860 Quae
846 1817 981 1850 autem
1021 1812 1267 1861 cogitantur,
1305 1822 1357 1849 ea
1382 1810 1464 1848 sint
1490 1822 1559 1848 ne-

47 1878 161 1905 cesse
198 1867 602 1919 esse,·plurimorum
642 1873 823 1907 veterum
860 1867 1187 1920 philosophorum
1226 1872 1311 1905 erat
1339 1867 1557 1918 persuasio,

46 1924 177 1975 Atqui
206 1922 279 1961 has
310 1925 520 1975 generales
550 1926 736 1964 notiones
776 1938 900 1976 quum
937 1937 1094 1976 semqer
1129 1925 1170 1978 in
1199 1928 1393 1975 perpetua
1425 1924 1559 1974 singu-

46 1981 177 2018 larum
206 1992 340 2018 rerum
376 1981 650 2020 vicissitudine
680 1987 721 2020 et
750 1982 971 2019 mutatione
1001 1992 1103 2018 unas
1131 1980 1370 2030 easdemque
1398 1986 1559 2018 manere

48 2042 89 2075 et
120 2036 171 2076 ad
202 2049 273 2075 eas
294 2035 402 2079 solas
433 2050 589 2076 omnem
611 2038 814 2077 scientiam
834 2038 1047 2090 pertinere,
1079 2049 1200 2089 saepe
1228 2034 1561 2076 animadverteret

48 2099 89 2132 et
121 2093 207 2132 sola
237 2095 486 2144 cogitatione
516 2101 558 2133 et
588 2096 754 2133 scientia
783 2096 932 2141 omnia,
976 2107 1081 2146 quae
1110 2099 1216 2132 recte
1247 2098 1434 2144 agantur,
1465 2106 1558 2132 con-

47 2150 177 2197 tineri,
209 2150 282 2189 sibi
310 2164 565 2203 persuasum
583 2151 768 2193 haberet:
799 2152 930 2190 facere
959 2164 1042 2190 non
1071 2150 1220 2202 potuit,
1252 2150 1348 2202 quin
1376 2150 1560 2189 notiones

49 2208 260 2259 generales
290 2221 334 2247 re
365 2221 464 2247 vera
493 2216 541 2247 et
566 2221 722 2261 semper
752 2221 852 2247 unas
883 2208 1124 2272 easdemque
1153 2219 1242 2246 esse
1271 2212 1313 2245 et
1331 2206 1381 2245 ab
1400 2207 1559 2247 homine

47 2265 250 2316 cogitante
289 2266 405 2317 quasi
441 2266 615 2318 spectari
660 2271 856 2304 statueret
901 2271 941 2303 et
977 2264 1052 2318 pro
1068 2262 1350 2312 fundamento
1387 2263 1559 2316 philoso-

46 2320 163 2374 phiae
194 2334 291 2361 suae
321 2327 505 2375 poneret.
526 2317 577 2373 ¹¹)

113 2444 253 2506 *11)cf.
278 2445 410 2479 Phaed.
434 2456 468 2504 ρ).
495 2443 542 2479 78
565 2446 609 2478 D.
651 2429 759 2490 αὗτὴ
782 2429 847 2503 ἡ
856 2429 1006 2486 οὐσία,
1044 2421 1116 2489 ἧς
1138 2429 1300 2500 λόγον
1334 2403 1562 2485 δίδομεν

47 2490 134 2534 τοῦ
166 2487 310 2534 εἶναι
338 2493 413 2535 καὶ
445 2489 712 2560 ἐρωτωντες
725 2489 798 2534 καὶ
821 2486 1176 2564 ἀποκρινόμενοι
1197 2484 1313 2532 αὐτὸ
1337 2486 1563 2539 ἕκαστον
1599 2497 1601 2499 ’

47 2543 75 2617 ᾗ
105 2545 265 2617 {auu
291 2570 326 2603 p
343 2558 461 2594 751)
477 2545 586 2603 περὶ
615 2544 835 2594 ἆπάιτων
868 2540 936 2596 οἷς
957 2542 1394 2616 ἕπισφραγιζόμεᾷα
1402 2545 1559 2592 τοῦτο

49 2621 72 2647 ο
113 2618 252 2658 εστι,
306 2604 379 2648 καὶ
427 2618 474 2648 εν
517 2611 608 2657 ’τοῖς
645 2602 911 2672 ἐρωτήσεσιν
947 2601 1216 2660 ἐρωτῶντες,
1256 2600 1352 2647 καὶ
1363 2599 1426 2670 ἒν
1471 2609 1566 2651 τοῖς

47 2653 339 2718 ἆποκρίσεσιν
369 2656 714 2717 ἀποκρινόμενοι
743 2656 768 2703 ὃ
798 2662 865 2717 βο
874 2661 1059 2707 vietae
1089 2659 1324 2718 δηλῶσαι
1352 2654 1376 2701 ὁ
1398 2660 1572 2715 λόγος
